@book{barenblatt1996scaling,
  title={Scaling, self-similarity, and intermediate asymptotics: dimensional analysis and intermediate asymptotics},
  author={Barenblatt, Grigory Isaakovich},
  volume={14},
  year={1996},
  publisher={Cambridge University Press}
}
